<?xml version="1.0" encoding="UTF-8"?>
  <record xmlns="http://www.loc.gov/MARC21/slim" type="Authority">
    <leader>00000nz  a2200000oc 4500</leader>
    <controlfield tag="001">1213765838</controlfield>
    <controlfield tag="003">DE-101</controlfield>
    <controlfield tag="005">20200715150109.0</controlfield>
    <controlfield tag="008">200714n||aznnnaabn           | aaa    |c</controlfield>
    <datafield tag="024" ind1="7" ind2=" ">
      <subfield code="a">1213765838</subfield>
      <subfield code="0">http://d-nb.info/gnd/1213765838</subfield>
      <subfield code="2">gnd</subfield>
    </datafield>
    <datafield tag="035" ind1=" " ind2=" ">
      <subfield code="a">(DE-101)1213765838</subfield>
    </datafield>
    <datafield tag="035" ind1=" " ind2=" ">
      <subfield code="a">(DE-588)1213765838</subfield>
    </datafield>
    <datafield tag="040" ind1=" " ind2=" ">
      <subfield code="a">DE-17</subfield>
      <subfield code="c">DE-17</subfield>
      <subfield code="9">r:DE-17</subfield>
      <subfield code="b">ger</subfield>
      <subfield code="d">0017</subfield>
      <subfield code="e">rda</subfield>
    </datafield>
    <datafield tag="042" ind1=" " ind2=" ">
      <subfield code="a">gnd3</subfield>
    </datafield>
    <datafield tag="043" ind1=" " ind2=" ">
      <subfield code="c">XA-DE</subfield>
    </datafield>
    <datafield tag="075" ind1=" " ind2=" ">
      <subfield code="b">p</subfield>
      <subfield code="2">gndgen</subfield>
    </datafield>
    <datafield tag="075" ind1=" " ind2=" ">
      <subfield code="b">piz</subfield>
      <subfield code="2">gndspec</subfield>
    </datafield>
    <datafield tag="079" ind1=" " ind2=" ">
      <subfield code="a">g</subfield>
      <subfield code="q">a</subfield>
      <subfield code="q">f</subfield>
    </datafield>
    <datafield tag="100" ind1="1" ind2=" ">
      <subfield code="a">Eller, Johann Heinrich</subfield>
      <subfield code="d">1643-XXXX</subfield>
    </datafield>
    <datafield tag="400" ind1="1" ind2=" ">
      <subfield code="a">Eller, Johann Henrich</subfield>
      <subfield code="d">1643-XXXX</subfield>
    </datafield>
    <datafield tag="400" ind1="1" ind2=" ">
      <subfield code="a">Ellern, Johann Heinrich</subfield>
      <subfield code="d">1643-XXXX</subfield>
    </datafield>
    <datafield tag="548" ind1=" " ind2=" ">
      <subfield code="a">1643-XXXX</subfield>
      <subfield code="4">datl</subfield>
      <subfield code="4">https://d-nb.info/standards/elementset/gnd#dateOfBirthAndDeath</subfield>
      <subfield code="w">r</subfield>
      <subfield code="i">Lebensdaten</subfield>
    </datafield>
    <datafield tag="550" ind1=" " ind2=" ">
      <subfield code="a">Zentgraf</subfield>
      <subfield code="4">beru</subfield>
      <subfield code="4">https://d-nb.info/standards/elementset/gnd#professionOrOccupation</subfield>
      <subfield code="w">r</subfield>
      <subfield code="i">Beruf</subfield>
    </datafield>
    <datafield tag="670" ind1=" " ind2=" ">
      <subfield code="a">Marburger Sippenbuch, Bd. 9, S. 185</subfield>
    </datafield>
    <datafield tag="672" ind1=" " ind2="0">
      <subfield code="a">Vivit Post Funera Virtus. Das ist Letzte Ehren-Seule, Auff Das wohlseelige Ableiben der HochEdelgebohrnen, GroßEhr und viel Tugendreichen Frauen, Frau Barbara Catharina Maria von Buseckin, gebohrnen Stimmilin: Nach dem Sie am 26. Februario Mittags zwischen 11. und 12. Uhr dieses jetztlauffenden 1663. Jahrs sanfft und seelig in wahrem Glauben an Ihren Erlöser gestorbenm deren Cörper den 6. Martii Christlich zur Erden bestattet worden / Auß schuldigen Mittleiden auffgesetzt von Ihrer Hoch-Adel. Gestr. Herrn Amptmann Busecken, etlichen Tisch-Genossen: Gießen, A. Utzen, 1663 [Beiträger]</subfield>
    </datafield>
    <datafield tag="678" ind1=" " ind2=" ">
      <subfield code="b">Getauft am 19.11.1643. Immatr. 1661 in Marburg, 1662 in Gießen, 1666 in Königsberg. Hessen-Darmstädtischer Zentgraf zu Hüttenberg und Leihgestern; ab 1687 Amtsverweser zu Cleeberg</subfield>
    </datafield>
  </record>
